<?xml version="1.0" encoding="UTF-8"?>
<record xmlns="http://www.loc.gov/MARC21/slim" xmlns:xsi="http://www.w3.org/2001/XMLSchema-instance" xsi:schemaLocation="http://www.loc.gov/MARC21/slim http://www.loc.gov/standards/marcxml/schema/MARC21slim.xsd">
<leader>     cam a2200385 a 4500</leader>
<controlfield tag="001">001684515</controlfield>
<controlfield tag="003">NNU</controlfield>
<controlfield tag="005">20061010173234.0</controlfield>
<controlfield tag="008">980212s1908    le       b    001 0 arard</controlfield>
<datafield tag="035" ind1="9" ind2=" ">
<subfield code="a">NYUb12227948</subfield>
</datafield>
<datafield tag="035" ind1=" " ind2=" ">
<subfield code="a">(NNU)NYUb12227948</subfield>
</datafield>
<datafield tag="040" ind1=" " ind2=" ">
<subfield code="a">CU</subfield>
<subfield code="c">CU</subfield>
<subfield code="d">CtY</subfield>
</datafield>
<datafield tag="041" ind1="0" ind2=" ">
<subfield code="a">araeng</subfield>
</datafield>
<datafield tag="043" ind1=" " ind2=" ">
<subfield code="a">a-sy---</subfield>
</datafield>
<datafield tag="066" ind1=" " ind2=" ">
<subfield code="c">(3</subfield>
</datafield>
<datafield tag="090" ind1=" " ind2=" ">
<subfield code="a">DS99.D3</subfield>
<subfield code="b">I22</subfield>
</datafield>
<datafield tag="100" ind1="1" ind2=" ">
<subfield code="6">880-01</subfield>
<subfield code="a">Ibn al-Qalānisī, Abū Yaʻlá Ḥamzah ibn Asad,</subfield>
<subfield code="d">d. 1160.</subfield>
</datafield>
<datafield tag="240" ind1="1" ind2="0">
<subfield code="6">880-02</subfield>
<subfield code="a">Dhayl tārīkh Dimashq</subfield>
</datafield>
<datafield tag="245" ind1="1" ind2="0">
<subfield code="6">880-03</subfield>
<subfield code="a">Tārīkh Abī Yaʻlá Ḥamzah Ibn al-Qalānisī :</subfield>
<subfield code="b">al-maʻruf bi-Dhayl tārīkh Dimashq : tatlūhu nukhab min tawārīkh Ibn al-Azraq al-Fāriqī wa-Sibṭ Ibn al-Jawzī wa-al ḥāfiẓ al-dhahabī.</subfield>
</datafield>
<datafield tag="260" ind1=" " ind2=" ">
<subfield code="6">880-04</subfield>
<subfield code="a">Bayrūt :</subfield>
<subfield code="b">Maṭbaʻat al-Ābāʼ al-Yasūʻīyīn,</subfield>
<subfield code="c">1908</subfield>
</datafield>
<datafield tag="300" ind1=" " ind2=" ">
<subfield code="a">397, 48 p. ;</subfield>
<subfield code="c">25 cm.</subfield>
</datafield>
<datafield tag="500" ind1=" " ind2=" ">
<subfield code="a">Romanized record.</subfield>
</datafield>
<datafield tag="500" ind1=" " ind2=" ">
<subfield code="a">Added title page: History of Damascus, 363-555 a.h. / by Ibn al-Qalânisi from the Bodleian Ms. Hunt.125 ; being a continuation of the history of Hilâl al-Sâbi, edited with extracts from other histories and summary of contents by H.F. Amedroz. Leyden : Brill, 1908.</subfield>
</datafield>
<datafield tag="500" ind1=" " ind2=" ">
<subfield code="a">Introduction and summary of contents in English.</subfield>
</datafield>
<datafield tag="504" ind1=" " ind2=" ">
<subfield code="a">Includes bibliographical references and index.</subfield>
</datafield>
<datafield tag="650" ind1=" " ind2="0">
<subfield code="a">Crusades.</subfield>
</datafield>
<datafield tag="651" ind1=" " ind2="0">
<subfield code="a">Damascus (Syria)</subfield>
<subfield code="x">History.</subfield>
</datafield>
<datafield tag="700" ind1="1" ind2=" ">
<subfield code="6">880-05</subfield>
<subfield code="a">Ṣābī, Hilāl ibn al-Muḥassin,</subfield>
<subfield code="d">970-1056.</subfield>
<subfield code="t">Tārīkh Dimashq.</subfield>
</datafield>
<datafield tag="700" ind1="1" ind2=" ">
<subfield code="a">Amedroz, H. F.</subfield>
<subfield code="q">(Henry Frederick),</subfield>
<subfield code="d">1855-1917.</subfield>
</datafield>
<datafield tag="740" ind1="0" ind2=" ">
<subfield code="a">History of Damascus, 363-555 a.h.</subfield>
</datafield>
<datafield tag="880" ind1="1" ind2=" ">
<subfield code="6">100-01/</subfield>
<subfield code="a">ابن القلانسي، أبو يعلى حمزة بن أسد.</subfield>
</datafield>
<datafield tag="880" ind1="1" ind2="0">
<subfield code="6">240-02/</subfield>
<subfield code="a">ذيل تاريخ دمشق</subfield>
</datafield>
<datafield tag="880" ind1="1" ind2="0">
<subfield code="6">245-03/</subfield>
<subfield code="a">تاريخ أبي يعلى حمزة ابن القلانسي :</subfield>
<subfield code="b">المعروف بذيل تاريخ دمشق : تتلوه نخب من تواريخ ابن الازرق الفارقي وسبط ابن الجوزي والحافظ الذهبي.</subfield>
</datafield>
<datafield tag="880" ind1=" " ind2=" ">
<subfield code="6">260-04/</subfield>
<subfield code="a">بيروت :</subfield>
<subfield code="b">مطبعة الآباء اليسوعيين،</subfield>
<subfield code="c">1908.</subfield>
</datafield>
<datafield tag="880" ind1="1" ind2=" ">
<subfield code="6">700-05/</subfield>
<subfield code="a">صابي، هلال بن المحسن.</subfield>
<subfield code="t">تاريخ دمشق.</subfield>
</datafield>
<datafield tag="OWN" ind1=" " ind2=" ">
<subfield code="a">GENERAL</subfield>
</datafield>
<datafield tag="998" ind1=" " ind2=" ">
<subfield code="a">20010429</subfield>
<subfield code="d">20010429</subfield>
<subfield code="d">20031027</subfield>
<subfield code="n">NNU</subfield>
<subfield code="s">6</subfield>
<subfield code="t">c</subfield>
<subfield code="z">p</subfield>
</datafield>
<datafield tag="AVA" ind1=" " ind2=" ">
<subfield code="a">NYU50</subfield>
<subfield code="b">BOBST</subfield>
<subfield code="c">Main Collection</subfield>
<subfield code="d">DS99.D3 I22</subfield>
<subfield code="e">unavailable</subfield>
<subfield code="t">Unavailable</subfield>
<subfield code="f">1</subfield>
<subfield code="g">1</subfield>
<subfield code="h">N</subfield>
<subfield code="i">2</subfield>
<subfield code="j">MAIN</subfield>
<subfield code="k">0</subfield>
</datafield>
</record>
